@online{kubernetes,
  title        = {Kubernetes Website},
  author       = {The Kubernetes Authors},
  year         = 2025,
  url          = {https://kubernetes.io/it/},
  urldate      = {2025-04-10}
}

@online{eurostat,
  title        = {Eurostat Cloud Computing},
  author       = {European Union},
  year         = 2025,
  url          = {https://ec.europa.eu/eurostat/statistics-explained/index.php?title=Cloud_computing_-_statistics_on_the_use_by_enterprises#Cloud_computing_in_enterprises:_highlights},
  urldate      = {2025-05-22}
}

@online{falcoRules,
  title        = {Falco Default Rules},
  author       = {The Falco Authors},
  year         = 2025,
  url          = {https://falco.org/docs/reference/rules/default-rules/},
  urldate      = {2025-05-29}
}

@online{falcoFields,
  title        = {Falco Rule Fields},
  author       = {The Falco Authors},
  year         = 2025,
  url          = {https://falco.org/docs/reference/rules/rule-fields/},
  urldate      = {2025-05-29}
}

@online{falcoMacros,
  title        = {Falco Macros},
  author       = {The Falco Authors},
  year         = 2025,
  url          = {https://falco.org/docs/reference/rules/default-macros/},
  urldate      = {2025-05-29}
}

@online{traceeRules,
  title        = {Tracee Default Rules},
  author       = {Aqua Security},
  year         = 2025,
  url          = {https://aquasecurity.github.io/tracee/v0.23/docs/events/builtin/signatures/},
  urldate      = {2025-05-29}
}



